@article{Brewer_2013,
  doi = {10.1001/jamadermatol.2013.5517},
  url = {http://dx.doi.org/10.1001/jamadermatol.2013.5517},
  year = {2013},
  month = {nov},
  publisher = {American Medical Association ({AMA})},
  volume = {149},
  number = {11},
  pages = {1300},
  author = {Ann Chang Brewer and Dawnielle C. Endly and Jill Henley and Mahsa Amir and Blake P. Sampson and Jacqueline F. Moreau and Robert P. Dellavalle},
  title = {{Mobile Applications in Dermatology}},
  journal = {{JAMA} Dermatol},
}